<record xmlns='http://www.loc.gov/MARC21/slim'><leader>01294cim a22003372u 4500</leader><controlfield tag='001'>3600415</controlfield><controlfield tag='005'>20151214182558.0</controlfield><controlfield tag='007'>ss|lmnjluz|nuu</controlfield><controlfield tag='008'>991101s1987    nyunnn         l    eng d</controlfield><datafield ind1=' ' ind2=' ' tag='035'><subfield code='a'>(NIC)notisASF7480</subfield></datafield><datafield ind1=' ' ind2=' ' tag='035'><subfield code='a'>3600415</subfield></datafield><datafield ind1=' ' ind2=' ' tag='035'><subfield code='a'>(OCoLC)63896019</subfield></datafield><datafield ind1=' ' ind2=' ' tag='040'><subfield code='a'>NIC</subfield><subfield code='c'>NIC</subfield><subfield code='d'>NIC</subfield><subfield code='d'>NIC</subfield></datafield><datafield ind1='1' ind2=' ' tag='100'><subfield code='a'>Salo, Arvo.</subfield></datafield><datafield ind1='1' ind2='4' tag='245'><subfield code='a'>The autonomy of the arts and the administration of culture</subfield><subfield code='h'>[sound recording]</subfield></datafield><datafield ind1=' ' ind2=' ' tag='260'><subfield code='c'>1987.</subfield></datafield><datafield ind1=' ' ind2=' ' tag='300'><subfield code='a'>1 sound cassette (77 min.) :</subfield><subfield code='b'>analog, mono.</subfield></datafield><datafield ind1=' ' ind2=' ' tag='500'><subfield code='a'>Recorded in Ithaca, NY by Cornell University.</subfield></datafield><datafield ind1=' ' ind2=' ' tag='500'><subfield code='a'>Accompanied by: Notes.</subfield></datafield><datafield ind1=' ' ind2=' ' tag='500'><subfield code='a'>Sponsored by: Western Societies Program.</subfield></datafield><datafield ind1=' ' ind2=' ' tag='500'><subfield code='a'>Speaker(s): Mellon Visiting Fellow of the Western Societies Program; Finnish journalist, dramatist, poet, and politician; Artist-Professor at the University of Finland.</subfield></datafield><datafield ind1=' ' ind2=' ' tag='518'><subfield code='a'>Lecture, September 25, 1987.</subfield></datafield><datafield ind1=' ' ind2=' ' tag='520'><subfield code='a'>Salo discusses the state supported art system in Finland.</subfield></datafield><datafield ind1=' ' ind2='0' tag='650'><subfield code='a'>Arts, Finnish.</subfield></datafield><datafield ind1=' ' ind2='0' tag='650'><subfield code='a'>Arts</subfield><subfield code='x'>Management</subfield><subfield code='z'>Finland.</subfield></datafield><datafield ind1=' ' ind2='7' tag='650'><subfield code='a'>Arts, Finnish</subfield><subfield code='2'>fast</subfield><subfield code='0'>(OCoLC)fst00818015</subfield></datafield><datafield ind1=' ' ind2='7' tag='650'><subfield code='a'>Arts</subfield><subfield code='x'>Management</subfield><subfield code='2'>fast</subfield><subfield code='0'>(OCoLC)fst00817771</subfield></datafield><datafield ind1=' ' ind2='7' tag='651'><subfield code='a'>Finland</subfield><subfield code='2'>fast</subfield><subfield code='0'>(OCoLC)fst01205503</subfield></datafield><datafield ind1='1' ind2=' ' tag='899'><subfield code='a'>CULectures</subfield></datafield><datafield ind1=' ' ind2=' ' tag='905'><subfield code='a'>20000121120000.0</subfield></datafield><datafield ind1='2' ind2=' ' tag='948'><subfield code='a'>20141221</subfield><subfield code='b'>m</subfield><subfield code='d'>batch</subfield><subfield code='e'>lts</subfield><subfield code='x'>addfast</subfield></datafield></record>